<record><leader>00817cam a2200253 a 4500</leader><controlfield tag="001">1400896</controlfield><controlfield tag="008">910906s1985    fr     e          0 fre c</controlfield><datafield ind1=" " ind2=" " tag="020"><subfield code="a">2863911309 (Editionj 1)</subfield><subfield code="z">2920596136 (Qu&#233;bec Livres) (br.)</subfield></datafield><datafield ind1=" " ind2=" " tag="035"><subfield code="a">ocm12541193</subfield></datafield><datafield ind1=" " ind2=" " tag="040"><subfield code="a">QMECB</subfield><subfield code="b">eng</subfield></datafield><datafield ind1=" " ind2=" " tag="049"><subfield code="a">AEU</subfield><subfield code="b">eng</subfield></datafield><datafield ind1="0" ind2="3" tag="055"><subfield code="a">PQ2679 .U457</subfield></datafield><datafield ind1=" " ind2="4" tag="082"><subfield code="a">848.914 S949h</subfield></datafield><datafield ind1=" " ind2="4" tag="082"><subfield code="a">843.914 S949h</subfield></datafield><datafield ind1="0" ind2=" " tag="090"><subfield code="a">PQ 2679 U38 H243 1985</subfield></datafield><datafield ind1="1" ind2=" " tag="100"><subfield code="a">Sulitzer, Paul-Loup,</subfield><subfield code="d">1946-</subfield></datafield><datafield ind1="1" ind2="0" tag="245"><subfield code="a">Hannah :</subfield><subfield code="b">roman /</subfield><subfield code="c">Paul-Loup Sulitzer.</subfield></datafield><datafield ind1=" " ind2=" " tag="260"><subfield code="a">[Paris] :</subfield><subfield code="b">Stock,</subfield><subfield code="c">1985.</subfield></datafield><datafield ind1=" " ind2=" " tag="300"><subfield code="a">433 p. ;</subfield><subfield code="c">24 cm.</subfield></datafield><datafield ind1=" " ind2=" " tag="336"><subfield code="a">text</subfield><subfield code="b">txt</subfield><subfield code="2">rdacontent</subfield></datafield><datafield ind1=" " ind2=" " tag="337"><subfield code="a">unmediated</subfield><subfield code="b">n</subfield><subfield code="2">rdamedia</subfield></datafield><datafield ind1=" " ind2=" " tag="338"><subfield code="a">volume</subfield><subfield code="b">nc</subfield><subfield code="2">rdacarrier</subfield></datafield><datafield ind1=" " ind2=" " tag="596"><subfield code="a">38</subfield></datafield><datafield ind1=" " ind2=" " tag="926"><subfield code="a">PQ 2679 U38 H243 1985</subfield><subfield code="w">LC</subfield><subfield code="c">1</subfield><subfield code="i">000037720737</subfield><subfield code="l">ON_SHELF</subfield><subfield code="m">UABARD</subfield><subfield code="p">$150.00</subfield><subfield code="r">Y</subfield><subfield code="s">Y</subfield><subfield code="t">BOOK</subfield><subfield code="u">10/3/1991</subfield><subfield code="o">.STAFF. A0039688</subfield></datafield></record>